@article{hoge09,
    author  = "ほげ山太郎 and ほげ山次郎",
    yomi    = "ほげやまたろう",
    title   = "ほげほげ理論のHCI分野への応用",
    journal = "ほげほげ学会論文誌",
    volume  = "31",
    number  = "3",
    pages   = "194-201",
    year    = "2009",
}
@inproceedings{hoge08,
    author     = "Taro Hogeyama and Jiro Hogeyama",
    title      = "The Theory of Hoge",
    booktitle  = "The Proceedings of The Hoge Society",
    year       = "2008"
}
@misc{kurokobo10,
    author       = "@kurokobo",
    howpublished = "\url{http://wiki.kurokobo.com/index.php?LaTeX}"
}
@article{mag_guide12,
    title        = "修士論文のまとめ方について",
    journal      = "大学院ガイド",
    author       = "慶應義塾大学政策・メディア研究科",
    pages        = "39-40"
}

@misc{hololens,
  howpublished = {\url{https://www.microsoft.com/ja-jp/hololens}},
  year         = {accessed 2021-01-26}
}

@misc{magicleap,
  howpublished = {\url{https://www.magicleap.com/ja-jp/magic-leap-1}},
  year         = {accessed 2021-01-26}
}

@misc{nreallight,
  howpublished = {\url{https://www.nreal.ai/light/}},
  year         = {accessed 2021-01-26}
}

@misc{unity,
  howpublished = {\url{https://unity.com/ja}},
  year         = {accessed 2021-01-28}
}

@misc{vuforia,
  howpublished = {\url{https://www.ptc.com/ja/products/vuforia}},
  year         = {accessed 2021-01-28}
}

@misc{arcity,
  author          = {Keiichi Matsuda},
  title           = {"Augmented (hyper)Reality: Augmented City 3D"},
  howpublished    = {\url{http://km.cx/projects/augmented-hyper-reality}},
  year            = {2010, (accessed 2021-01-28)}
}

@misc{psycopass,
  author          = {サイコパス制作委員会},
  title           = {"PSYCHO-PASS"},
  howpublished    = {\url{http://t.co/QFbsE4UDWw?amp=1}},
  year            = {2012}
}

@article{cave1,
  author          = {Cruz-Neira,C. and Sandin,D.J. and DeFanti,T.A},
  title           = {"Surround-screen projection-based virtual reality: the design and implementation of the CAVE"},
  journal         = {SIGGRAPH '93},
  number          = {135–142},
  year            = {1993}
}

@misc{cave2,
  author       = {本田　司},
  title        = {"twoasak.net Thesis cave"},
  howpublished = {\url{http://www.twoasak.net/cave.html}},
  year         = {2017-02-15, (accessed 2021-01-29)}
}